%% This BibTeX bibliography file was created using BibDesk.
%% http://bibdesk.sourceforge.net/


%% Created for Doug Markant at 2014-08-18 23:43:28 +0200 


%% Saved with string encoding Unicode (UTF-8) 



@article{chandler2014nonnaivete,
	Author = {Chandler, Jesse and Mueller, Pam and Paolacci, Gabriele},
	Date-Added = {2014-08-18 21:43:27 +0000},
	Date-Modified = {2014-08-18 21:43:27 +0000},
	Journal = {Behavior research methods},
	Number = {1},
	Pages = {112--130},
	Publisher = {Springer},
	Title = {Nonna{\"\i}vet{\'e} among Amazon Mechanical Turk workers: Consequences and solutions for behavioral researchers},
	Volume = {46},
	Year = {2014}}

@article{crump2013evaluating,
	Author = {Crump, Matthew JC and McDonnell, John V and Gureckis, Todd M},
	Date-Added = {2014-08-18 21:25:09 +0000},
	Date-Modified = {2014-08-18 21:25:09 +0000},
	Journal = {PloS one},
	Number = {3},
	Pages = {e57410},
	Publisher = {Public Library of Science},
	Title = {Evaluating Amazon's Mechanical Turk as a tool for experimental behavioral research},
	Volume = {8},
	Year = {2013}}
